@article{rafailov2024direct,
  title={Direct preference optimization: Your language model is secretly a reward model},
  author={Rafailov, Rafael and Sharma, Archit and Mitchell, Eric and Ermon, Stefano and Manning, Christopher D and Finn, Chelsea},
  journal={arXiv preprint arXiv:2305.18290},
  year={2023}
}

@inproceedings{wei2019mmgcn,
  title={MMGCN: Multi-modal graph convolution network for personalized recommendation of micro-video},
  author={Wei, Yinwei and Wang, Xiang and Nie, Liqiang and He, Xiangnan and Hong, Richang and Chua, Tat-Seng},
  booktitle={Proceedings of the 27th ACM International Conference on Multimedia},
  pages={1437--1445},
  year={2019}
}

@inproceedings{he2020lightgcn,
  title={LightGCN: Simplifying and powering graph convolution network for recommendation},
  author={He, Xiangnan and Deng, Kuan and Wang, Xiang and Li, Yan and Zhang, Yongdong and Wang, Meng},
  booktitle={Proceedings of the 43rd International ACM SIGIR Conference on Research and Development in Information Retrieval},
  pages={639--648},
  year={2020}
}

@inproceedings{wei2022freedom,
  title={Contrastive learning for cold-start recommendation},
  author={Wei, Yinwei and Wang, Xiang and Li, Qi and Nie, Liqiang and Li, Yan and Li, Xuanping and Chua, Tat-Seng},
  booktitle={Proceedings of the 29th ACM International Conference on Multimedia},
  pages={5382--5390},
  year={2021}
}

@inproceedings{wang2019neural,
  title={Neural graph collaborative filtering},
  author={Wang, Xiang and He, Xiangnan and Wang, Meng and Feng, Fuli and Chua, Tat-Seng},
  booktitle={Proceedings of the 42nd International ACM SIGIR Conference on Research and Development in Information Retrieval},
  pages={165--174},
  year={2019}
}

@inproceedings{chen2017attentive,
  title={Attentive collaborative filtering: Multimedia recommendation with item-and component-level attention},
  author={Chen, Jingyuan and Zhang, Hanwang and He, Xiangnan and Nie, Liqiang and Liu, Wei and Chua, Tat-Seng},
  booktitle={Proceedings of the 40th International ACM SIGIR Conference on Research and Development in Information Retrieval},
  pages={335--344},
  year={2017}
}

@inproceedings{mcauley2015image,
  title={Image-based recommendations on styles and substitutes},
  author={McAuley, Julian and Targett, Christopher and Shi, Qinfeng and Van Den Hengel, Anton},
  booktitle={Proceedings of the 38th International ACM SIGIR Conference on Research and Development in Information Retrieval},
  pages={43--52},
  year={2015}
}

@inproceedings{wei2020graph,
  title={Graph-refined convolutional network for multimedia recommendation with implicit feedback},
  author={Wei, Yinwei and Wang, Xiang and Nie, Liqiang and He, Xiangnan and Chua, Tat-Seng},
  booktitle={Proceedings of the 28th ACM International Conference on Multimedia},
  pages={3541--3549},
  year={2020}
}

@article{berg2017graph,
  title={Graph convolutional matrix completion},
  author={Berg, Rianne van den and Kipf, Thomas N and Welling, Max},
  journal={arXiv preprint arXiv:1706.02263},
  year={2017}
}

@inproceedings{yu2021self,
  title={Are graph augmentations necessary? Simple graph contrastive learning for recommendation},
  author={Yu, Junliang and Yin, Hongzhi and Xia, Xin and Chen, Tong and Cui, Lizhen and Nguyen, Quoc Viet Hung},
  booktitle={Proceedings of the 45th International ACM SIGIR Conference on Research and Development in Information Retrieval},
  pages={1294--1303},
  year={2022}
}

@inproceedings{chen2020revisiting,
  title={Revisiting graph based collaborative filtering: A linear residual graph convolutional network approach},
  author={Chen, Lei and Wu, Le and Hong, Richang and Zhang, Kun and Wang, Meng},
  booktitle={Proceedings of the AAAI Conference on Artificial Intelligence},
  volume={34},
  pages={27--34},
  year={2020}
}

@article{wallace2024diffusion,
  title={End-to-end diffusion for synthetic tabular data},
  author={Wallace, Brent and Gokul, Akash and Naik, Nikhil},
  journal={arXiv preprint arXiv:2302.04620},
  year={2023}
}

@article{hejna2024few,
  title={Few-shot preference learning for human-in-the-loop RL},
  author={Hejna, Donald J and Rafailov, Rafael and Schmittle, Laura and Peng, Xue Bin and Finn, Chelsea},
  journal={arXiv preprint arXiv:2212.03626},
  year={2022}
}

@article{koren2009matrix,
  title={Matrix factorization techniques for recommender systems},
  author={Koren, Yehuda and Bell, Robert and Volinsky, Chris},
  journal={Computer},
  volume={42},
  number={8},
  pages={30--37},
  year={2009},
  publisher={IEEE}
}

@inproceedings{rendle2009bpr,
  title={BPR: Bayesian personalized ranking from implicit feedback},
  author={Rendle, Steffen and Freudenthaler, Christoph and Gantner, Zeno and Schmidt-Thieme, Lars},
  booktitle={Proceedings of the 25th Conference on Uncertainty in Artificial Intelligence},
  pages={452--461},
  year={2009}
}

@inproceedings{he2017neural,
  title={Neural collaborative filtering},
  author={He, Xiangnan and Liao, Lizi and Zhang, Hanwang and Nie, Liqiang and Hu, Xia and Chua, Tat-Seng},
  booktitle={Proceedings of the 26th International Conference on World Wide Web},
  pages={173--182},
  year={2017}
}

@inproceedings{sedhain2015autorec,
  title={Autorec: Autoencoders meet collaborative filtering},
  author={Sedhain, Suvash and Menon, Aditya Krishna and Sanner, Scott and Xie, Lexing},
  booktitle={Proceedings of the 24th International Conference on World Wide Web},
  pages={111--112},
  year={2015}
}

@article{deldjoo2021survey,
  title={A survey on adversarial recommender systems: from attack/defense strategies to generative adversarial networks},
  author={Deldjoo, Yashar and Di Noia, Tommaso and Merra, Felice Antonio},
  journal={ACM Computing Surveys},
  volume={54},
  number={2},
  pages={1--38},
  year={2021},
  publisher={ACM}
}

@inproceedings{he2016vbpr,
  title={VBPR: visual bayesian personalized ranking from implicit feedback},
  author={He, Ruining and McAuley, Julian},
  booktitle={Proceedings of the AAAI Conference on Artificial Intelligence},
  volume={30},
  number={1},
  year={2016}
}

@inproceedings{tay2018latent,
  title={Latent relational metric learning via memory-based attention for collaborative filtering},
  author={Tay, Yi and Luu, Anh Tuan and Hui, Siu Cheung},
  booktitle={Proceedings of the 2018 World Wide Web Conference},
  pages={729--739},
  year={2018}
}

@article{liu2019fine,
  title={Fine-grained fashion similarity prediction by attribute-specific embedding learning},
  author={Liu, Zhouhui and Luo, Ping and Qiu, Shi and Wang, Xiaogang and Tang, Xiaoou},
  journal={IEEE Transactions on Image Processing},
  volume={25},
  number={4},
  pages={1680--1693},
  year={2016}
}

@inproceedings{wang2021deconfounded,
  title={Deconfounded recommendation for alleviating bias amplification},
  author={Wang, Wenjie and Feng, Fuli and He, Xiangnan and Wang, Xiang and Chua, Tat-Seng},
  booktitle={Proceedings of the 27th ACM SIGKDD Conference on Knowledge Discovery \& Data Mining},
  pages={1717--1725},
  year={2021}
}

@inproceedings{zhou2023bootstrap,
  title={Bootstrap latent representations for multi-modal recommendation},
  author={Zhou, Xin and Zhou, Hongyu and Liu, Yong and Zeng, Zhiwei and Miao, Chunyan and Wang, Pengwei and You, Yang and Jiang, Feijun},
  booktitle={Proceedings of the ACM Web Conference 2023},
  pages={845--854},
  year={2023}
}

@inproceedings{sun2020multi,
  title={Multi-modal knowledge graphs for recommender systems},
  author={Sun, Yizhou and Zhang, Yizhen and Ye, Yunchen and Ma, Huan and Coates, Mark and Ding, Yaoping},
  booktitle={Proceedings of the 29th ACM International Conference on Information \& Knowledge Management},
  pages={1405--1414},
  year={2020}
}

@article{wu2022graph,
  title={Graph neural networks in recommender systems: a survey},
  author={Wu, Shiwen and Sun, Fei and Zhang, Wentao and Xie, Xu and Cui, Bin},
  journal={ACM Computing Surveys},
  volume={55},
  number={5},
  pages={1--37},
  year={2022},
  publisher={ACM}
}

@inproceedings{ji2020dual,
  title={Dual channel hypergraph collaborative filtering},
  author={Ji, Shuyi and Feng, Yifan and Ji, Rongrong and Zhao, Xibin and Tang, Wankou and Gao, Yue},
  booktitle={Proceedings of the 26th ACM SIGKDD International Conference on Knowledge Discovery \& Data Mining},
  pages={2020--2029},
  year={2020}
}

@article{xu2020inductive,
  title={Inductive representation learning on temporal graphs},
  author={Xu, Da and Ruan, Chuanwei and Korpeoglu, Evren and Kumar, Sushant and Achan, Kannan},
  journal={arXiv preprint arXiv:2002.07962},
  year={2020}
}

@inproceedings{ying2021transformers,
  title={Do transformers really perform badly for graph representation?},
  author={Ying, Chengxuan and Cai, Tianle and Luo, Shengjie and Zheng, Shuxin and Ke, Guolin and He, Di and Shen, Yanming and Liu, Tie-Yan},
  booktitle={Advances in Neural Information Processing Systems},
  volume={34},
  pages={28877--28888},
  year={2021}
}

@article{yuan2024self,
  title={Self-rewarding language models},
  author={Yuan, Weizhe and Pang, Richard Yuanzhe and Cho, Kyunghyun and Sukhbaatar, Sainbayar and Xu, Jing and Weston, Jason},
  journal={arXiv preprint arXiv:2401.10020},
  year={2024}
}

@article{ethayarajh2024kto,
  title={KTO: Model alignment as prospect theoretic optimization},
  author={Ethayarajh, Kawin and Xu, Winnie and Muennighoff, Niklas and Jurafsky, Dan and Kiela, Douwe},
  journal={arXiv preprint arXiv:2402.01306},
  year={2024}
}

@article{zhang2020explainable,
  title={Explainable recommendation: A survey and new perspectives},
  author={Zhang, Yongfeng and Chen, Xu},
  journal={Foundations and Trends in Information Retrieval},
  volume={14},
  number={1},
  pages={1--101},
  year={2020},
  publisher={Now Publishers}
}

@inproceedings{herlocker2000explaining,
  title={Explaining collaborative filtering recommendations},
  author={Herlocker, Jonathan L and Konstan, Joseph A and Riedl, John},
  booktitle={Proceedings of the 2000 ACM Conference on Computer Supported Cooperative Work},
  pages={241--250},
  year={2000}
}

@inproceedings{koren2008factorization,
  title={Factorization meets the neighborhood: a multifaceted collaborative filtering model},
  author={Koren, Yehuda},
  booktitle={Proceedings of the 14th ACM SIGKDD international conference on Knowledge discovery and data mining},
  pages={426--434},
  year={2008}
}

@inproceedings{chen2018neural,
  title={Neural attentional rating regression with review-level explanations},
  author={Chen, Chong and Zhang, Min and Liu, Yiqun and Ma, Shaoping},
  booktitle={Proceedings of the 2018 World Wide Web Conference},
  pages={1583--1592},
  year={2018}
}

@article{chen2019neural,
  title={Neural module network for explainable recommendations},
  author={Chen, Xu and Zhang, Yongfeng},
  journal={Information Sciences},
  volume={479},
  pages={102--113},
  year={2019}
}

@inproceedings{wang2018explainable,
  title={Explainable reasoning over knowledge graphs for recommendation},
  author={Wang, Xiang and Wang, Dingxian and Xu, Canran and He, Xiangnan and Cao, Yixin and Chua, Tat-Seng},
  booktitle={Proceedings of the AAAI Conference on Artificial Intelligence},
  volume={33},
  number={01},
  pages={5329--5336},
  year={2019}
}

@inproceedings{li2017neural,
  title={Neural rating regression with abstractive tips generation for recommendation},
  author={Li, Piji and Wang, Zihao and Ren, Zhaochun and Bing, Lidong and Lam, Wai},
  booktitle={Proceedings of the 40th International ACM SIGIR Conference on Research and Development in Information Retrieval},
  pages={345--354},
  year={2017}
}

@inproceedings{ni2019justifying,
  title={Justifying recommendations using distantly-supervised reviews and fine-grained aspects},
  author={Ni, Jianmo and Li, Jiacheng and McAuley, Julian},
  booktitle={Proceedings of the 2019 Conference on Empirical Methods in Natural Language Processing and the 9th International Joint Conference on Natural Language Processing},
  pages={188--197},
  year={2019}
}

@inproceedings{chen2019personalized,
  title={Personalized fashion recommendation with visual explanations based on multimodal attention network: Towards visually explainable recommendation},
  author={Chen, Xu and Chen, Hanxiong and Xu, Hongteng and Zhang, Yongfeng and Cao, Yixin and Qin, Zheng and Zha, Hongyuan},
  booktitle={Proceedings of the 42nd International ACM SIGIR Conference on Research and Development in Information Retrieval},
  pages={765--774},
  year={2019}
}

@inproceedings{wang2021counterfactual,
  title={Counterfactual reasoning for out-of-distribution multimodal sentiment analysis},
  author={Wang, Nan and Jiang, Ziqi and Ren, Qianhui and Cheng, Guibing and Chen, Enhong},
  booktitle={Proceedings of the 29th ACM International Conference on Multimedia},
  pages={5411--5419},
  year={2021}
}

@article{bradley1952rank,
  title={Rank analysis of incomplete block designs: I. The method of paired comparisons},
  author={Bradley, Ralph Allan and Terry, Milton E},
  journal={Biometrika},
  volume={39},
  number={3/4},
  pages={324--345},
  year={1952},
  publisher={JSTOR}
}

@inproceedings{chu2005preference,
  title={Preference learning with Gaussian processes},
  author={Chu, Wei and Ghahramani, Zoubin},
  booktitle={Proceedings of the 22nd International Conference on Machine Learning},
  pages={137--144},
  year={2005}
}

@book{furnkranz2010preference,
  title={Preference learning},
  author={F{\"u}rnkranz, Johannes and H{\"u}llermeier, Eyke},
  year={2010},
  publisher={Springer}
}

@inproceedings{shi2010climf,
  title={Climf: learning to maximize reciprocal rank with collaborative less-is-more filtering},
  author={Shi, Yue and Karatzoglou, Alexandros and Baltrunas, Linas and Larson, Martha and Oliver, Nuria and Hanjalic, Alan},
  booktitle={Proceedings of the sixth ACM conference on Recommender systems},
  pages={139--146},
  year={2012}
}

@inproceedings{xia2008listwise,
  title={Listwise approach to learning to rank: theory and algorithm},
  author={Xia, Fen and Liu, Tie-Yan and Wang, Jue and Zhang, Wensheng and Li, Hang},
  booktitle={Proceedings of the 25th International Conference on Machine Learning},
  pages={1192--1199},
  year={2008}
}

@article{ai2018learning,
  title={Learning heterogeneous knowledge base embeddings for explainable recommendation},
  author={Ai, Qingyao and Azizi, Vahid and Chen, Xu and Zhang, Yongfeng},
  journal={Algorithms},
  volume={11},
  number={9},
  pages={137},
  year={2018}
}

@article{yue2012k,
  title={The k-armed dueling bandits problem},
  author={Yue, Yisong and Broder, Josef and Kleinberg, Robert and Joachims, Thorsten},
  journal={Journal of Computer and System Sciences},
  volume={78},
  number={5},
  pages={1538--1556},
  year={2012}
}

@article{riquelme2018deep,
  title={Deep bayesian bandits: Exploring in online personalized recommendations},
  author={Riquelme, Carlos and Tucker, George and Snoek, Jasper},
  journal={arXiv preprint arXiv:1802.09127},
  year={2018}
}

@inproceedings{vaswani2017attention,
  title={Attention is all you need},
  author={Vaswani, Ashish and Shazeer, Noam and Parmar, Niki and Uszkoreit, Jakob and Jones, Llion and Gomez, Aidan N and Kaiser, {\L}ukasz and Polosukhin, Illia},
  booktitle={Advances in Neural Information Processing Systems},
  volume={30},
  year={2017}
}

@article{keskar2019ctrl,
  title={CTRL: A conditional transformer language model for controllable generation},
  author={Keskar, Nitish Shirish and McCann, Bryan and Varshney, Lav R and Xiong, Caiming and Socher, Richard},
  journal={arXiv preprint arXiv:1909.05858},
  year={2019}
}

@article{dathathri2019plug,
  title={Plug and play language models: A simple approach to controlled text generation},
  author={Dathathri, Sumanth and Madotto, Andrea and Lan, Janice and Hung, Jane and Frank, Eric and Molino, Piero and Yosinski, Jason and Liu, Rosanne},
  journal={arXiv preprint arXiv:1912.02164},
  year={2019}
}

@article{mohseni2021multidisciplinary,
  title={A multidisciplinary survey and framework for design and evaluation of explainable AI systems},
  author={Mohseni, Sina and Zarei, Niloofar and Ragan, Eric D},
  journal={ACM Transactions on Interactive Intelligent Systems},
  volume={11},
  number={3-4},
  pages={1--45},
  year={2021},
  publisher={ACM}
}

@inproceedings{bell2007improved,
  title={Improved neighborhood-based collaborative filtering},
  author={Bell, Robert M and Koren, Yehuda},
  booktitle={KDD Cup and Workshop},
  pages={7--14},
  year={2007}
}

@inproceedings{schnabel2016recommendations,
  title={Recommendations as treatments: Debiasing learning and evaluation},
  author={Schnabel, Tobias and Swaminathan, Adith and Singh, Ashudeep and Chandak, Naman and Joachims, Thorsten},
  booktitle={Proceedings of the 33rd International Conference on Machine Learning},
  pages={1670--1679},
  year={2016}
}

@inproceedings{he2021analyzing,
  title={Analyzing the training dynamics of graph neural networks},
  author={He, Xiangnan and Yang, Carl and Wang, Xiang and Chua, Tat-Seng},
  booktitle={Proceedings of the Web Conference 2021},
  pages={3216--3226},
  year={2021}
}

@article{devlin2018bert,
  title={BERT: Pre-training of deep bidirectional transformers for language understanding},
  author={Devlin, Jacob and Chang, Ming-Wei and Lee, Kenton and Toutanova, Kristina},
  journal={arXiv preprint arXiv:1810.04805},
  year={2018}
}

@inproceedings{bottou2010large,
  title={Large-scale machine learning with stochastic gradient descent},
  author={Bottou, L{\'e}on},
  booktitle={Proceedings of COMPSTAT'2010},
  pages={177--186},
  year={2010},
  publisher={Springer}
}

@article{kingma2014adam,
  title={Adam: A method for stochastic optimization},
  author={Kingma, Diederik P and Ba, Jimmy},
  journal={arXiv preprint arXiv:1412.6980},
  year={2014}
}

@article{dosovitskiy2020image,
  title={An image is worth 16x16 words: Transformers for image recognition at scale},
  author={Dosovitskiy, Alexey and Beyer, Lucas and Kolesnikov, Alexander and Weissenborn, Dirk and Zhai, Xiaohua and Unterthiner, Thomas and Dehghani, Mostafa and Minderer, Matthias and Heigold, Georg and Gelly, Sylvain and others},
  journal={arXiv preprint arXiv:2010.11929},
  year={2020}
}

@inproceedings{krizhevsky2012imagenet,
  title={ImageNet classification with deep convolutional neural networks},
  author={Krizhevsky, Alex and Sutskever, Ilya and Hinton, Geoffrey E},
  booktitle={Advances in Neural Information Processing Systems},
  volume={25},
  year={2012}
}

@inproceedings{kipf2016semi,
  title={Semi-supervised classification with graph convolutional networks},
  author={Kipf, Thomas N and Welling, Max},
  booktitle={International Conference on Learning Representations},
  year={2017}
}

@inproceedings{papineni2002bleu,
  title={BLEU: a method for automatic evaluation of machine translation},
  author={Papineni, Kishore and Roukos, Salim and Ward, Todd and Zhu, Wei-Jing},
  booktitle={Proceedings of the 40th Annual Meeting of the Association for Computational Linguistics},
  pages={311--318},
  year={2002}
}

@inproceedings{lin2004rouge,
  title={Rouge: A package for automatic evaluation of summaries},
  author={Lin, Chin-Yew},
  booktitle={Text Summarization Branches Out},
  pages={74--81},
  year={2004}
} 